@inproceedings{LOFAR_filter,
author = {Steeb, Jan-Willem and Davidson, David and Wijnholds, Stefan},
year = {2016},
month = {10},
pages = {117-122},
title = {Spatial filtering of near-field radio frequency interference at a LOFAR LBA station},
doi = {10.1109/RFINT.2016.7833544}
}


@ARTICLE{polarimetry_chime_2024,
       author = {{Pandhi}, Ayush and {Pleunis}, Ziggy and {Mckinven}, Ryan and {Gaensler}, B.~M. and {Su}, Jianing and {Ng}, Cherry and {Bhardwaj}, Mohit and {Brar}, Charanjot and {Cassanelli}, Tomas and {Cook}, Amanda and {Curtin}, Alice P. and {Kaspi}, Victoria M. and {Lazda}, Mattias and {Leung}, Calvin and {Li}, Dongzi and {Masui}, Kiyoshi W. and {Michilli}, Daniele and {Nimmo}, Kenzie and {Pearlman}, Aaron B. and {Petroff}, Emily and {Rafiei-Ravandi}, Masoud and {Sand}, Ketan R. and {Scholz}, Paul and {Shin}, Kaitlyn and {Smith}, Kendrick and {Stairs}, Ingrid},
        title = "{Polarization Properties of 128 Nonrepeating Fast Radio Bursts from the First CHIME/FRB Baseband Catalog}",
      journal = {\apj},
     keywords = {Radio bursts, Radio transient sources, Polarimetry, 1339, 2008, 1278, Astrophysics - High Energy Astrophysical Phenomena},
         year = 2024,
        month = jun,
       volume = {968},
       number = {2},
          eid = {50},
        pages = {50},
          doi = {10.3847/1538-4357/ad40aa},
archivePrefix = {arXiv},
       eprint = {2401.17378},
 primaryClass = {astro-ph.HE},
       adsurl = {https://ui.adsabs.harvard.edu/abs/2024ApJ...968...50P},
      adsnote = {Provided by the SAO/NASA Astrophysics Data System}
}




@ARTICLE{polarimetry_chime_2021,
       author = {{Mckinven}, R. and {Michilli}, D. and {Masui}, K. and {Cubranic}, D. and {Gaensler}, B.~M. and {Ng}, C. and {Bhardwaj}, M. and {Leung}, C. and {Boyle}, P.~J. and {Brar}, C. and {Cassanelli}, T. and {Li}, D. and {Mena-Parra}, J. and {Rahman}, M. and {Stairs}, I.~H.},
        title = "{Polarization Pipeline for Fast Radio Bursts Detected by CHIME/FRB}",
      journal = {\apj},
     keywords = {Polarimetry, Astronomical techniques, Radio bursts, 1278, 1684, 1339, Astrophysics - Instrumentation and Methods for Astrophysics, Astrophysics - High Energy Astrophysical Phenomena},
         year = 2021,
        month = oct,
       volume = {920},
       number = {2},
          eid = {138},
        pages = {138},
          doi = {10.3847/1538-4357/ac126a},
archivePrefix = {arXiv},
       eprint = {2107.03491},
 primaryClass = {astro-ph.IM},
       adsurl = {https://ui.adsabs.harvard.edu/abs/2021ApJ...920..138M},
      adsnote = {Provided by the SAO/NASA Astrophysics Data System}
}



@ARTICLE{Wang_2022,
       author = {{Wang}, Haochen and {Mena-Parra}, Juan and {Chen}, Tianyue and {Masui}, Kiyoshi},
        title = "{Removing systematics-induced 21-cm foreground residuals by cross-correlating filtered data}",
      journal = {\prd},
     keywords = {Astrophysics - Cosmology and Nongalactic Astrophysics, Astrophysics - Instrumentation and Methods for Astrophysics, General Relativity and Quantum Cosmology},
         year = 2022,
        month = aug,
       volume = {106},
       number = {4},
          eid = {043534},
        pages = {043534},
          doi = {10.1103/PhysRevD.106.043534},
archivePrefix = {arXiv},
       eprint = {2203.07184},
 primaryClass = {astro-ph.CO},
       adsurl = {https://ui.adsabs.harvard.edu/abs/2022PhRvD.106d3534W},
      adsnote = {Provided by the SAO/NASA Astrophysics Data System}
}



@ARTICLE{taylor_2019,
       author = {{Taylor}, Jacob and {Denman}, Nolan and {Bandura}, Kevin and {Berger}, Philippe and {Masui}, Kiyoshi and {Renard}, Andre and {Tretyakov}, Ian and {Vanderlinde}, Keith},
        title = "{Spectral Kurtosis-Based RFI Mitigation for CHIME}",
      journal = {Journal of Astronomical Instrumentation},
     keywords = {Radio, RFI, spectral kurtosis, CHIME, Astrophysics - Instrumentation and Methods for Astrophysics},
         year = 2019,
        month = jan,
       volume = {8},
       number = {1},
          eid = {1940004},
        pages = {1940004},
          doi = {10.1142/S225117171940004X},
archivePrefix = {arXiv},
       eprint = {1808.10365},
 primaryClass = {astro-ph.IM},
       adsurl = {https://ui.adsabs.harvard.edu/abs/2019JAI.....840004T},
      adsnote = {Provided by the SAO/NASA Astrophysics Data System}
}



@ARTICLE{Masoud_2023,
       author = {{Rafiei-Ravandi}, Masoud and {Smith}, Kendrick M.},
        title = "{Mitigating Radio Frequency Interference in CHIME/FRB Real-time Intensity Data}",
      journal = {\apjs},
     keywords = {High energy astrophysics, Radio telescopes, Radio transient sources, 739, 1360, 2008, Astrophysics - Instrumentation and Methods for Astrophysics, Astrophysics - High Energy Astrophysical Phenomena},
         year = 2023,
        month = apr,
       volume = {265},
       number = {2},
          eid = {62},
        pages = {62},
          doi = {10.3847/1538-4365/acc252},
archivePrefix = {arXiv},
       eprint = {2206.07292},
 primaryClass = {astro-ph.IM},
       adsurl = {https://ui.adsabs.harvard.edu/abs/2023ApJS..265...62R},
      adsnote = {Provided by the SAO/NASA Astrophysics Data System}
}


@ARTICLE{Shaw_2014,
       author = {{Shaw}, J. Richard and {Sigurdson}, Kris and {Pen}, Ue-Li and {Stebbins}, Albert and {Sitwell}, Michael},
        title = "{All-sky Interferometry with Spherical Harmonic Transit Telescopes}",
      journal = {\apj},
     keywords = {cosmology: observations, dark energy, large-scale structure of universe, methods: data analysis, radio continuum: general, Astrophysics - Cosmology and Extragalactic Astrophysics},
         year = 2014,
        month = feb,
       volume = {781},
       number = {2},
          eid = {57},
        pages = {57},
          doi = {10.1088/0004-637X/781/2/57},
archivePrefix = {arXiv},
       eprint = {1302.0327},
 primaryClass = {astro-ph.CO},
       adsurl = {https://ui.adsabs.harvard.edu/abs/2014ApJ...781...57S},
      adsnote = {Provided by the SAO/NASA Astrophysics Data System}
}


@ARTICLE{Shaw_2015,
       author = {{Shaw}, J. Richard and {Sigurdson}, Kris and {Sitwell}, Michael and {Stebbins}, Albert and {Pen}, Ue-Li},
        title = "{Coaxing cosmic 21 cm fluctuations from the polarized sky using m -mode analysis}",
      journal = {\prd},
     keywords = {98.80.-k, 98.80.Es, Cosmology, Observational cosmology, Astrophysics - Cosmology and Nongalactic Astrophysics, Astrophysics - Instrumentation and Methods for Astrophysics},
         year = 2015,
        month = apr,
       volume = {91},
       number = {8},
          eid = {083514},
        pages = {083514},
          doi = {10.1103/PhysRevD.91.083514},
archivePrefix = {arXiv},
       eprint = {1401.2095},
 primaryClass = {astro-ph.CO},
       adsurl = {https://ui.adsabs.harvard.edu/abs/2015PhRvD..91h3514S},
      adsnote = {Provided by the SAO/NASA Astrophysics Data System}
}




@ARTICLE{Masui_2017,
       author = {{Masui}, Kiyoshi W. and {Shaw}, J. Richard and {Ng}, Cherry and {Smith}, Kendrick M. and {Vanderlinde}, Keith and {Paradise}, Adiv},
        title = "{Algorithms for FFT Beamforming Radio Interferometers}",
      journal = {arXiv e-prints},
     keywords = {Astrophysics - Instrumentation and Methods for Astrophysics},
         year = 2017,
        month = oct,
          eid = {arXiv:1710.08591},
        pages = {arXiv:1710.08591},
          doi = {10.48550/arXiv.1710.08591},
archivePrefix = {arXiv},
       eprint = {1710.08591},
 primaryClass = {astro-ph.IM},
       adsurl = {https://ui.adsabs.harvard.edu/abs/2017arXiv171008591M},
      adsnote = {Provided by the SAO/NASA Astrophysics Data System}
}

@ARTICLE{Capon_1969,
  author={Capon, J.},
  journal={Proceedings of the IEEE}, 
  title={High-resolution frequency-wavenumber spectrum analysis}, 
  year={1969},
  volume={57},
  number={8},
  pages={1408-1418},
  keywords={Sensor arrays;Phased arrays;Random processes;Frequency estimation;Radar antennas;Radar applications;Antenna arrays;Radio astronomy;Signal resolution;Shape},
  doi={10.1109/PROC.1969.7278}}


@ARTICLE{Michilli_2021,
       author = {{Michilli}, D. and {Masui}, K.~W. and {Mckinven}, R. and {Cubranic}, D. and {Bruneault}, M. and {Brar}, C. and {Patel}, C. and {Boyle}, P.~J. and {Stairs}, I.~H. and {Renard}, A. and {Bandura}, K. and {Berger}, S. and {Breitman}, D. and {Cassanelli}, T. and {Dobbs}, M. and {Kaspi}, V.~M. and {Leung}, C. and {Mena-Parra}, J. and {Pleunis}, Z. and {Russell}, L. and {Scholz}, P. and {Siegel}, S.~R. and {Tendulkar}, S.~P. and {Vanderlinde}, K.},
        title = "{An Analysis Pipeline for CHIME/FRB Full-array Baseband Data}",
      journal = {\apj},
     keywords = {Algorithms, Radio interferometry, Radio interferometers, Radio transient sources, Radio telescopes, Radio astrometry, Radio bursts, Extragalactic radio sources, Pointing accuracy, High time resolution astrophysics, 1883, 1346, 1345, 2008, 1360, 1337, 1339, 508, 1271, 740, Astrophysics - High Energy Astrophysical Phenomena, Astrophysics - Instrumentation and Methods for Astrophysics},
         year = 2021,
        month = apr,
       volume = {910},
       number = {2},
          eid = {147},
        pages = {147},
          doi = {10.3847/1538-4357/abe626},
archivePrefix = {arXiv},
       eprint = {2010.06748},
 primaryClass = {astro-ph.HE},
       adsurl = {https://ui.adsabs.harvard.edu/abs/2021ApJ...910..147M},
      adsnote = {Provided by the SAO/NASA Astrophysics Data System}
}



@ARTICLE{basecat_1,
       author = {{The CHIME/FRB Collaboration} and {:} and {Amiri}, Mandana and {Andersen}, Bridget C. and {Andrew}, Shion and {Bandura}, Kevin and {Bhardwaj}, Mohit and {Boyle}, P.~J. and {Brar}, Charanjot and {Breitman}, Daniela and {Cassanelli}, Tomas and {Chawla}, Pragya and {Cook}, Amanda M. and {Curtin}, Alice P. and {Dobbs}, Matt and {Dong}, Fengqiu Adam and {Eadie}, Gwendolyn and {Fonseca}, Emmanuel and {Gaensler}, B.~M. and {Giri}, Utkarsh and {Herrera-Martin}, Antonio and {Hopkins}, Hans and {Ibik}, Adaeze L. and {Joseph}, Ronniy C. and {Kaczmarek}, J.~F. and {Kader}, Zarif and {Kaspi}, Victoria M. and {Lanman}, Adam E. and {Lazda}, Mattias and {Leung}, Calvin and {Liu}, Siqi and {Masui}, Kiyoshi W. and {Mckinven}, Ryan and {Mena-Parra}, Juan and {Merryfield}, Marcus and {Michilli}, Daniele and {Ng}, Cherry and {Nimmo}, Kenzie and {Noble}, Gavin and {Pandhi}, Ayush and {Patel}, Chitrang and {Pearlman}, Aaron B. and {Pen}, Ue-Li and {Petroff}, Emily and {Pleunis}, Ziggy and {Rafiei-Ravandi}, Masoud and {Rahman}, Mubdi and {Ransom}, Scott M. and {Sand}, Ketan R. and {Scholz}, Paul and {Shah}, Vishwangi and {Shin}, Kaitlyn and {Shpunarska}, Yuliya and {Siegel}, Seth R. and {Smith}, Kendrick and {Stairs}, Ingrid and {Stenning}, David C. and {Vanderlinde}, Keith and {Wang}, Haochen and {White}, Henry and {Wulf}, Dallas},
        title = "{Updating the first CHIME/FRB catalog of fast radio bursts with baseband data}",
      journal = {arXiv e-prints},
     keywords = {Astrophysics - High Energy Astrophysical Phenomena},
         year = 2023,
        month = oct,
          eid = {arXiv:2311.00111},
        pages = {arXiv:2311.00111},
          doi = {10.48550/arXiv.2311.00111},
archivePrefix = {arXiv},
       eprint = {2311.00111},
 primaryClass = {astro-ph.HE},
       adsurl = {https://ui.adsabs.harvard.edu/abs/2023arXiv231100111T},
      adsnote = {Provided by the SAO/NASA Astrophysics Data System}
}

